<record><leader>00000cas a2200000 a 4500</leader><controlfield tag="001">22376622</controlfield><controlfield tag="008">900914d19832000ilumn ne      0   a0eng c</controlfield><datafield ind1=" " ind2=" " tag="010"><subfield code="a">sn 92060443 </subfield></datafield><datafield ind1=" " ind2=" " tag="040"><subfield code="a">KAI</subfield><subfield code="b">eng</subfield><subfield code="c">KAI</subfield><subfield code="d">YOX</subfield><subfield code="d">NSD</subfield><subfield code="d">CVF</subfield><subfield code="d">OCLCQ</subfield><subfield code="d">OCLCF</subfield><subfield code="d">NVF</subfield><subfield code="d">OCLCO</subfield></datafield><datafield ind1=" " ind2=" " tag="012"><subfield code="j">0</subfield><subfield code="l">1</subfield></datafield><datafield ind1="1" ind2=" " tag="022"><subfield code="a">1069-8213</subfield><subfield code="l">1069-8213</subfield><subfield code="2">1</subfield></datafield><datafield ind1="1" ind2=" " tag="029"><subfield code="a">AU@</subfield><subfield code="b">000020700900</subfield></datafield><datafield ind1=" " ind2=" " tag="042"><subfield code="a">pcc</subfield><subfield code="a">nsdp</subfield></datafield><datafield ind1=" " ind2=" " tag="043"><subfield code="a">n-us-il</subfield></datafield><datafield ind1=" " ind2=" " tag="090"><subfield code="a">F548.68.N37</subfield><subfield code="b">N3</subfield></datafield><datafield ind1=" " ind2="0" tag="222"><subfield code="a">Near West gazette</subfield></datafield><datafield ind1="0" ind2="0" tag="245"><subfield code="a">Near West gazette.</subfield></datafield><datafield ind1="1" ind2="7" tag="246"><subfield code="a">Gazette</subfield></datafield><datafield ind1=" " ind2=" " tag="260"><subfield code="a">Chicago, Ill. :</subfield><subfield code="b">Near West Gazette, Inc.</subfield></datafield><datafield ind1=" " ind2=" " tag="300"><subfield code="a">v. :</subfield><subfield code="b">ill.</subfield></datafield><datafield ind1=" " ind2=" " tag="310"><subfield code="a">Monthly (except Jan.),</subfield><subfield code="b">Sept. 3, 1992-June 2, 2000</subfield></datafield><datafield ind1=" " ind2=" " tag="321"><subfield code="a">Monthly,</subfield><subfield code="b">&lt;Apr. 5, 1984&gt;-June 6, 1989</subfield></datafield><datafield ind1=" " ind2=" " tag="321"><subfield code="a">Monthly (except Aug. and Jan.),</subfield><subfield code="b">July 1989-July 16, 1992</subfield></datafield><datafield ind1="1" ind2=" " tag="362"><subfield code="a">Began in 1983.</subfield></datafield><datafield ind1="0" ind2=" " tag="362"><subfield code="a">-v. 18, no. 2 (June 2, 2000).</subfield></datafield><datafield ind1=" " ind2=" " tag="500"><subfield code="a">"Serving the Near West Side, Tri-Taylor, South Loop, West Loop Gate, and Heart of Chicago communities."</subfield></datafield><datafield ind1=" " ind2=" " tag="588"><subfield code="a">Description based on: Vol. 1, no. 12 (Apr. 5, 1984).</subfield></datafield><datafield ind1=" " ind2="0" tag="650"><subfield code="a">Community newspapers</subfield><subfield code="z">Illinois</subfield><subfield code="z">Chicago.</subfield></datafield><datafield ind1=" " ind2="0" tag="651"><subfield code="a">Near West Side (Chicago, Ill.)</subfield><subfield code="v">Newspapers.</subfield></datafield><datafield ind1=" " ind2="0" tag="651"><subfield code="a">Tri-Taylor (Chicago, Ill.)</subfield><subfield code="v">Newspapers.</subfield></datafield><datafield ind1=" " ind2="0" tag="651"><subfield code="a">South Loop (Chicago, Ill.)</subfield><subfield code="v">Newspapers.</subfield></datafield><datafield ind1=" " ind2="0" tag="651"><subfield code="a">West Loop Gate (Chicago, Ill.)</subfield><subfield code="v">Newspapers.</subfield></datafield><datafield ind1=" " ind2="0" tag="651"><subfield code="a">Heart of Chicago (Chicago, Ill.)</subfield><subfield code="v">Newspapers.</subfield></datafield><datafield ind1=" " ind2="7" tag="651"><subfield code="a">Illinois</subfield><subfield code="z">Chicago</subfield><subfield code="z">Near West Side.</subfield><subfield code="2">fast</subfield><subfield code="0">(OCoLC)fst01323535</subfield></datafield><datafield ind1=" " ind2="7" tag="655"><subfield code="a">Newspapers.</subfield><subfield code="2">fast</subfield><subfield code="0">(OCoLC)fst01423814</subfield></datafield><datafield ind1="0" ind2="0" tag="780"><subfield code="t">Near West Side gazette</subfield><subfield code="w">(DLC)sn 00062155</subfield><subfield code="w">(OCoLC)22376615</subfield></datafield><datafield ind1="0" ind2="0" tag="785"><subfield code="t">Near West/South gazette</subfield><subfield code="w">(DLC)sn2001061310</subfield><subfield code="w">(OCoLC)44599036</subfield></datafield></record>